<record><leader>00000cas a22000007a 4500</leader><controlfield tag="001">10325317</controlfield><controlfield tag="008">840121d1829183unjuwr ne      0    0eng d</controlfield><datafield ind1=" " ind2=" " tag="010"><subfield code="a">sn 84026193 </subfield></datafield><datafield ind1=" " ind2=" " tag="040"><subfield code="a">NPU</subfield><subfield code="b">eng</subfield><subfield code="c">NPU</subfield><subfield code="d">DLC</subfield><subfield code="d">NPX</subfield><subfield code="d">NPA</subfield><subfield code="d">NJW</subfield><subfield code="d">OCLCQ</subfield></datafield><datafield ind1=" " ind2=" " tag="042"><subfield code="a">msc</subfield></datafield><datafield ind1="0" ind2=" " tag="130"><subfield code="a">New Jersey herald (Newton, N.J. : 1829)</subfield></datafield><datafield ind1="1" ind2="4" tag="245"><subfield code="a">The New Jersey herald.</subfield></datafield><datafield ind1=" " ind2=" " tag="260"><subfield code="a">Newton, N.J. :</subfield><subfield code="b">[Grant Fitch]</subfield></datafield><datafield ind1=" " ind2=" " tag="300"><subfield code="a">v. ;</subfield><subfield code="c">55 cm.</subfield></datafield><datafield ind1=" " ind2=" " tag="310"><subfield code="a">Weekly</subfield></datafield><datafield ind1="1" ind2=" " tag="362"><subfield code="a">Began in 1829.</subfield><subfield code="z">Cf. Hist. of Sussex and Warren Counties, N.J., 1881.</subfield></datafield><datafield ind1=" " ind2=" " tag="588"><subfield code="a">Description based on: Vol. 1, no. 14 (Mar. 4, 1830).</subfield></datafield><datafield ind1=" " ind2=" " tag="752"><subfield code="a">United States</subfield><subfield code="b">New Jersey</subfield><subfield code="c">Sussex</subfield><subfield code="d">Newton.</subfield></datafield><datafield ind1="0" ind2="0" tag="785"><subfield code="t">New Jersey herald, and Sussex County Democratic Republican</subfield><subfield code="w">(DLC)sn 84020517</subfield><subfield code="w">(OCoLC)11005886</subfield></datafield></record>